@book{HKG14,
  title={{Introduction to AAL (Study Material of the BAAL project)}},
  author={Heuer, Andreas and Karopka, Thomas and Geisler, Esther},
  year={2014},
  note={in German},
  publisher={University of Rostock}
}

@inproceedings{MPBS12,
  author = {C. Marzahl and P. Penndorf and I. Bruder and M. Staemmler},
  title = {{Unobtrusive Fall Detection Using 3D Images of a Gaming Console: Concept and First Results}},
  booktitle = {Ambient Assisted Living, 5th AAL-Congress},
  year = {2012}
}

@inproceedings{SKMN11,
 author = {Sala, Pilar and Kamieth, Felix and Mocholi, Juan Bautista and Naranjo, Juan Carlos},
 title = {{Virtual Reality for AAL Services Interaction Design and Evaluation}},
 booktitle = {Proceedings of the 6th Int. Conference on Universal Access in Human-computer Interaction: Context Diversity - Volume Part III},
 series = {UAHCI'11},
 year = {2011},
 publisher = {Springer-Verlag}
} 

@misc{EUAAL,
 title = {{AMBIENT ASSISTED LIVING JOINT PROGRAMME -- ICT for ageing well}},
 author = {AAL Association},
 howpublished = {\url{http://www.aal-europe.eu}},
 note = {Accessed: 2014-12-30}
}

@inproceedings{LeFe10,
 author = {Leitner, Gerhard and Fercher, Anton Josef},
 title = {{AAL 4 ALL - a Matter of User Experience}},
 booktitle = {Proceedings of the Aging Friendly Technology for Health and Independence, and 8th International Conference on Smart Homes and Health Telematics},
 series = {ICOST'10},
 year = {2010},
 publisher = {Springer-Verlag}
}

@article{DMBB+07,
 author = {K. Doughty and A. Monk and C. Bayliss and S. Brown and L. Dewsbury and B. Dunk and V. Gallagher and K. Grafham and M. Jones and C. Lowe and L. McAlister and K. McSorley and P. Mills and C. Skidmore and A. Stewart and B. Taylor and David Ward},
 title = {Telecare, telehealth and assistive technologies – do we know what we’re talking about?},
 journal = {Journal of Assistive Technologies},
 volume = {1},
 number = {2},
 year = {2007},
 publisher = {Emerald Group Publishing Limited},
} 

@inproceedings{PTK13,
 author = {Panagiotakopoulos, Theodor and Theodosiou, Aspasia and Kameas, Achilles},
 title = {Exploring Ambient Assisted Living Job Profiles},
 booktitle = {Proceedings of the 6th International Conference on PErvasive Technologies Related to Assistive Environments},
 year = {2013},
 publisher = {ACM},
}

@inproceedings{ZiWi14,
 author = {Ziefle, Martina and Wilkowska, Wiktoria},
 title = {Why Traditional Usability Criteria Fall Short in Ambient Assisted Living Environments},
 booktitle = {Proceedings of the 8th International Conference on Pervasive Computing Technologies for Healthcare},
 year = {2014},
 publisher = {ICST, Brussels, Belgium},
} 
