@article{ding2005minimum,
  title={Minimum redundancy feature selection from microarray gene expression data},
  author={Ding, Chris and Peng, Hanchuan},
  journal={Journal of bioinformatics and computational biology},
  volume={3},
  number={02},
  pages={185--205},
  year={2005},
  publisher={World Scientific}
}

@article{guyon2003introduction,
  title={An introduction to variable and feature selection},
  author={Guyon, Isabelle and Elisseeff, Andr{\'e}},
  journal={The Journal of Machine Learning Research},
  volume={3},
  pages={1157--1182},
  year={2003},
  publisher={JMLR. org}
}

@article{guyon2002gene,
  title={Gene selection for cancer classification using support vector machines},
  author={Guyon, Isabelle and Weston, Jason and Barnhill, Stephen and Vapnik, Vladimir},
  journal={Machine learning},
  volume={46},
  number={1-3},
  pages={389--422},
  year={2002},
  publisher={Springer}
}

@inproceedings{macqueen1967some,
  title={Some methods for classification and analysis of multivariate observations},
  author={MacQueen, James and others},
  booktitle={Proceedings of the fifth Berkeley symposium on mathematical statistics and probability},
  volume={1},
  number={14},
  pages={281--297},
  year={1967},
  organization={Oakland, CA, USA.}
}

@article{huang1998extensions,
  title={Extensions to the k-means algorithm for clustering large data sets with categorical values},
  author={Huang, Zhexue},
  journal={Data mining and knowledge discovery},
  volume={2},
  number={3},
  pages={283--304},
  year={1998},
  publisher={Springer}
}

@article{xjy2014,
  title={Statistical correlation and K-means based distinguishable gene subset selection algorithms},
  author={Xie, Juanying and Gao, Hongchao},
  journal={Journal of Software},
  volume={25},
  number={9},
  pages={2050-2075},
  year={2014},
  publisher={}
}

@article{bermejo2011grasp,
  title={A GRASP algorithm for fast hybrid (filter-wrapper) feature subset selection in high-dimensional datasets},
  author={Bermejo, Pablo and G{\'a}mez, Jose A and Puerta, Jose M},
  journal={Pattern Recognition Letters},
  volume={32},
  number={5},
  pages={701--711},
  year={2011},
  publisher={Elsevier}
}

@article{sasikala2014multi,
  title={Multi Filtration Feature Selection (MFFS) to improve discriminatory ability in clinical data set},
  author={Sasikala, S and alias Balamurugan, S Appavu and Geetha, S},
  journal={Applied Computing and Informatics},
  year={2014},
  publisher={Elsevier}
}

@inproceedings{lu2012novel,
  title={A novel feature selection method based on CFS in cancer recognition},
  author={Lu, Xinguo and Peng, Xianghua and Liu, Ping and Deng, Yong and Feng, Bingtao and Liao, Bo},
  booktitle={Systems Biology (ISB), 2012 IEEE 6th International Conference on},
  pages={226--231},
  year={2012},
  organization={IEEE}
}

@article{han2012variance,
  title={A variance reduction framework for stable feature selection},
  author={Han, Yue and Yu, Lei},
  journal={Statistical Analysis and Data Mining: The ASA Data Science Journal},
  volume={5},
  number={5},
  pages={428--445},
  year={2012},
  publisher={Wiley Online Library}
}

@article{yu2012stable,
  title={Stable gene selection from microarray data via sample weighting},
  author={Yu, Lei and Han, Yue and Berens, Michael E},
  journal={IEEE/ACM Transactions on Computational Biology and Bioinformatics (TCBB)},
  volume={9},
  number={1},
  pages={262--272},
  year={2012},
  publisher={IEEE Computer Society Press}
}

@inproceedings{yu2008stable,
  title={Stable feature selection via dense feature groups},
  author={Yu, Lei and Ding, Chris and Loscalzo, Steven},
  booktitle={Proceedings of the 14th ACM SIGKDD international conference on Knowledge discovery and data mining},
  pages={803--811},
  year={2008},
  organization={ACM}
}

@book{han2006data,
  title={Data mining: Concepts and techniques},
  author={Han, Jiawei and Kamber, Micheline},
  pages={383--386},
  year={2006},
  publisher={Morgan kaufmann}
}

@article{golub1999molecular,
  title={Molecular classification of cancer: class discovery and class prediction by gene expression monitoring},
  author={Golub, Todd R and Slonim, Donna K and Tamayo, Pablo and Huard, Christine and Gaasenbeek, Michelle and Mesirov, Jill P and Coller, Hilary and Loh, Mignon L and Downing, James R and Caligiuri, Mark A and others},
  journal={science},
  volume={286},
  number={5439},
  pages={531--537},
  year={1999},
  publisher={American Association for the Advancement of Science}
}

@article{alon1999broad,
  title={Broad patterns of gene expression revealed by clustering analysis of tumor and normal colon tissues probed by oligonucleotide arrays},
  author={Alon, Uri and Barkai, Naama and Notterman, Daniel A and Gish, Kurt and Ybarra, Suzanne and Mack, Daniel and Levine, Arnold J},
  journal={Proceedings of the National Academy of Sciences},
  volume={96},
  number={12},
  pages={6745--6750},
  year={1999},
  publisher={National Acad Sciences}
}

@article{notterman2001transcriptional,
  title={Transcriptional gene expression profiles of colorectal adenoma, adenocarcinoma, and normal tissue examined by oligonucleotide arrays},
  author={Notterman, Daniel A and Alon, Uri and Sierk, Alexander J and Levine, Arnold J},
  journal={Cancer Research},
  volume={61},
  number={7},
  pages={3124--3130},
  year={2001},
  publisher={AACR}
}

@article{cover1967nearest,
  title={Nearest neighbor pattern classification},
  author={Cover, Thomas and Hart, Peter},
  journal={Information Theory, IEEE Transactions on},
  volume={13},
  number={1},
  pages={21--27},
  year={1967},
  publisher={IEEE}
}


@book{vapnik2000nature,
  title={The nature of statistical learning theory},
  author={Vapnik, Vladimir},
  year={2000},
  publisher={Springer Science \& Business Media}
}


@article{chang2011libsvm,
  title={LIBSVM: a library for support vector machines},
  author={Chang, Chih-Chung and Lin, Chih-Jen},
  journal={ACM Transactions on Intelligent Systems and Technology (TIST)},
  volume={2},
  number={3},
  pages={27},
  year={2011},
  publisher={ACM}
}



























