@article{novak2009supervised,
  title={Supervised descriptive rule discovery: A unifying survey of contrast set, emerging pattern and subgroup mining},
  author={Novak, Petra Kralj and Lavra{\v{c}}, Nada and Webb, Geoffrey I},
  journal={The Journal of Machine Learning Research},
  volume={10},
  pages={377--403},
  year={2009},
  publisher={JMLR. org}
}

@article{bay2001detecting,
  title={Detecting group differences: Mining contrast sets},
  author={Bay, Stephen D and Pazzani, Michael J},
  journal={Data Mining and Knowledge Discovery},
  volume={5},
  number={3},
  pages={213--246},
  year={2001},
  publisher={Springer}
}

@inproceedings{dong1999efficient,
  title={Efficient mining of emerging patterns: Discovering trends and differences},
  author={Dong, Guozhu and Li, Jinyan},
  booktitle={Proceedings of the fifth {ACM SIGKDD} international conference on Knowledge discovery and data mining},
  pages={43--52},
  year={1999},
  organization={ACM}
}

@incollection{bailey2002fast,
  title={Fast algorithms for mining emerging patterns},
  author={Bailey, James and Manoukian, Thomas and Ramamohanarao, Kotagiri},
  booktitle={Principles of Data Mining and Knowledge Discovery},
  pages={39--50},
  year={2002},
  publisher={Springer}
}

@inproceedings{li2013mining,
  title={Mining causal association rules},
  author={Li, Jiuyong and Le, Thuc Duy and Liu, Lin and Liu, Jixue and Jin, Zhou and Sun, Bingyu},
  booktitle={Data Mining Workshops (ICDMW), 2013 IEEE 13th International Conference on},
  pages={114--123},
  year={2013},
  organization={IEEE}
}

@article{silverstein2000scalable,
  title={Scalable techniques for mining causal structures},
  author={Silverstein, Craig and Brin, Sergey and Motwani, Rajeev and Ullman, Jeff},
  journal={Data Mining and Knowledge Discovery},
  volume={4},
  number={2-3},
  pages={163--192},
  year={2000},
  publisher={Springer}
}

@article{heckerman1999bayesian,
  title={A Bayesian approach to causal discovery},
  author={Heckerman, David and Meek, Christopher and Cooper, Gregory},
  journal={Computation, causation, and discovery},
  volume={19},
  pages={141--166},
  year={1999},
  publisher={MIT Press, Cambridge}
}

@article{cooper1992bayesian,
  title={A Bayesian method for the induction of probabilistic networks from data},
  author={Cooper, Gregory F and Herskovits, Edward},
  journal={Machine learning},
  volume={9},
  number={4},
  pages={309--347},
  year={1992},
  publisher={Springer}
}
@article{THIN,
  title={Validation studies of the health improvement network ({THIN}) database for pharmacoepidemiology research},
  author={Lewis, James D and Schinnar, Rita and Bilker, Warren B and Wang, Xingmei and Strom, Brian L},
  journal={Pharmacoepidemiology and Drug Safety},
  volume={16},
  number={4},
  pages={393--401},
  year={2007},
  publisher={Wiley Online Library}
}

@article{black1996we,
  title={Why we need observational studies to evaluate the effectiveness of health care},
  author={Black, Nick},
  journal={British Medical Journal},
  volume={312},
  number={7040},
  pages={1215--1218},
  year={1996},
  publisher={BMJ}
}

@article{cochran1973controlling,
  title={Controlling bias in observational studies: A review},
  author={Cochran, William G and Rubin, Donald B},
  journal={Sankhy{\=a}: The Indian Journal of Statistics, Series A},
  pages={417--446},
  year={1973},
  publisher={JSTOR}
}

@article{Lewis2006,
  title={The relationship between time since registration and measured incidence rates in the {General Practice Research Database}},
  author={Lewis, James D and Bilker, Warren B and Weinstein, Rachel B and Strom, Brian L},
  journal={Pharmacoepidemiology and Drug Safety},
  volume={14},
  number={7},
  pages={443--451},
  year={2005},
  publisher={Wiley Online Library}
}

@Article{arules,
    title = {arules -- {A} Computational Environment for Mining
      Association Rules and Frequent Item Sets},
    author = {Michael Hahsler and Bettina Gruen and Kurt Hornik},
    year = {2005},
    journal = {Journal of Statistical Software},
    volume = {14},
    number = {15},
    pages = {1--25},
    url = {http://www.jstatsoft.org/v14/i15/},
    month = {October},
    issn = {1548-7660},
  }

@book{BNF,
  title={British national formulary},
  author={Joint Formulary Committee},
  volume={65},
  year={2013},
  publisher={Pharmaceutical Press}
}


@inproceedings{Agrawal1993,
  title={Mining association rules between sets of items in large databases},
  author={Agrawal, Rakesh and Imieli{\'n}ski, Tomasz and Swami, Arun},
  booktitle={{ACM SIGMOD} Record},
  volume={22},
  number={2},
  pages={207--216},
  year={1993},
  organization={ACM}
}
@article{de20055,
  title={5-Aminosalicylates and effects on renal function in patients with Crohn's disease},
  author={De Jong, DJ and Tielen, J and Habraken, CM and Wetzels, JFM and Naber, AH},
  journal={Inflammatory bowel diseases},
  volume={11},
  number={11},
  pages={972--976},
  year={2005},
  publisher={Wiley Online Library}
}

@article{van20045,
  title={5-aminosalicylic acids and the risk of renal disease: a large British epidemiologic study},
  author={Van Staa, Tjeerd P and Travis, Simon and Leufkens, Hubert GM and Logan, Richard F},
  journal={Gastroenterology},
  volume={126},
  number={7},
  pages={1733--1739},
  year={2004},
  publisher={Elsevier}
}

@article{giordano2008limits,
  title={Limits of observational data in determining outcomes from cancer therapy},
  author={Giordano, Sharon H and Kuo, Yong-Fang and Duan, Zhigang and Hortobagyi, Gabriel N and Freeman, Jean and Goodwin, James S},
  journal={Cancer},
  volume={112},
  number={11},
  pages={2456--2466},
  year={2008},
  publisher={Wiley Online Library}
}


@article{READ,
  title={The Read Thesaurus--creation and beyond.},
  author={Stuart-Buttle, CD and Brown, PJ and Price, C and O'Neil, M and Read, JD},
  journal={Studies in health technology and informatics},
  volume={43},
  pages={416--420},
  year={1996}
}
@article{R,
  title={R: A language and environment for statistical computing},
  author={Team, R Core and others},
  year={2012},
  publisher={R Foundation for Statistical Computing, Vienna, Austria. ISBN}
}
@book{hosmer2004applied,
  title={Applied logistic regression},
  author={Hosmer Jr, David W and Lemeshow, Stanley},
  year={2004},
  publisher={John Wiley \& Sons}
}




